<?xml version="1.0" encoding="UTF-8"?>
<collection xmlns:xsi="http://www.w3.org/2001/XMLSchema-instance" xsi:schemaLocation="http://www.loc.gov/MARC21/slim http://www.loc.gov/standards/marcxml/schema/MARC21slim.xsd" xmlns="http://www.loc.gov/MARC21/slim">
<record>
  <leader>01139cam a22002652i 4500</leader>
  <controlfield tag="001">2520721</controlfield>
  <controlfield tag="003">NNC</controlfield>
  <controlfield tag="005">20160718164904.0</controlfield>
  <controlfield tag="008">990903s1971    iq           f      ara d</controlfield>
  <datafield tag="035" ind1=" " ind2=" ">
    <subfield code="a">(OCoLC)43949890</subfield>
  </datafield>
  <datafield tag="035" ind1=" " ind2=" ">
    <subfield code="a">(OCoLC)ocm43949890</subfield>
  </datafield>
  <datafield tag="035" ind1=" " ind2=" ">
    <subfield code="9">AQH3655CU</subfield>
  </datafield>
  <datafield tag="035" ind1=" " ind2=" ">
    <subfield code="a">(NNC)2520721</subfield>
  </datafield>
  <datafield tag="040" ind1=" " ind2=" ">
    <subfield code="a">NNC</subfield>
    <subfield code="c">UPvMLC</subfield>
  </datafield>
  <datafield tag="041" ind1="0" ind2=" ">
    <subfield code="a">araeng</subfield>
  </datafield>
  <datafield tag="090" ind1=" " ind2=" ">
    <subfield code="a">HC497.I7</subfield>
    <subfield code="b">A4</subfield>
  </datafield>
  <datafield tag="110" ind1="1" ind2=" ">
    <subfield code="a">Iraq.</subfield>
    <subfield code="b">Shuʻbat al-Muʼassasāt al-Ṣināʻīyah al-Ṣaghīrah.</subfield>
  </datafield>
  <datafield tag="245" ind1="1" ind2="0">
    <subfield code="a">Natāʾij al-iḥṣāʻ al-ṣināʻī lil-muʻassasāt al-ṣināʻīyah al-ṣaghīrah li-shahr Ḥazīrān 1969.</subfield>
  </datafield>
  <datafield tag="260" ind1=" " ind2=" ">
    <subfield code="a">Baghdād :</subfield>
    <subfield code="b">Maṭbaʻat al-Zahrāʾ,</subfield>
    <subfield code="c">1971.</subfield>
  </datafield>
  <datafield tag="300" ind1=" " ind2=" ">
    <subfield code="a">42 p. ;</subfield>
    <subfield code="c">28 cm.</subfield>
  </datafield>
  <datafield tag="500" ind1=" " ind2=" ">
    <subfield code="a">At head of title: al-Jumhūrīyah al-ʻIrāqīyah. Wizārat al-Takhṭīṭ. al-Jihāz al-Harkazī lil-Iḥṣāʾ. Dāʾirat al-Iḥṣāʾ al-Ṣināʻī. Shuʻbat al-Muʾassasāt al-Ṣināʻīyah al-Ṣaghīrah.</subfield>
  </datafield>
  <datafield tag="500" ind1=" " ind2=" ">
    <subfield code="a">Chiefly tables.</subfield>
  </datafield>
  <datafield tag="500" ind1=" " ind2=" ">
    <subfield code="a">Added t.-p. in English: Results of the industrial survey for the small establishment, June 1969.</subfield>
  </datafield>
  <datafield tag="546" ind1=" " ind2=" ">
    <subfield code="a">Text in English and Arabic.</subfield>
  </datafield>
  <datafield tag="955" ind1=" " ind2=" ">
    <subfield code="b">CU51875934</subfield>
    <subfield code="d">off,bus</subfield>
    <subfield code="e">HC497.I7 A4</subfield>
  </datafield>
</record>
</collection>